@IEEEtranBSTCTL{IEEEexample:BSTcontrol,
	CTLdash_repeated_names = "no"
}
@misc{001,
	author = {Vincent Van Gogh},
	title = {{Still Life with Cabbage and Clogs}},
	year = {1881},
	url = {https://www.vangoghmuseum.nl/en/collection/s0137V1962},
	organization = {Van Gogh Museum, Amsterdam (Vincent van Gogh Foundation)}
}
@misc{002,
	author = {Vincent Van Gogh},
	title = {{View of the Sea at Scheveningen}},
	year = {1882},
	url = {https://www.vangoghmuseum.nl/en/collection/s0416N1990},
	organization = {Van Gogh Museum, Amsterdam (Vincent van Gogh Foundation)}
}
@misc{003,
	author = {Vincent Van Gogh},
	title = {{Cottages}},
	year = {1883},
	url = {https://www.vangoghmuseum.nl/en/collection/s0053V1962},
	organization = {Van Gogh Museum, Amsterdam (Vincent van Gogh Foundation)}
}
@misc{004,
	author = {Vincent Van Gogh},
	title = {{Women on the Peat Moor}},
	year = {1883},
	url = {https://www.vangoghmuseum.nl/en/collection/s0129V1962},
	organization = {Van Gogh Museum, Amsterdam (Vincent van Gogh Foundation)}
}
@misc{005,
	author = {Vincent Van Gogh},
	title = {{Farm with Stacks of Peat}},
	year = {1883},
	url = {https://www.vangoghmuseum.nl/en/collection/s0130V1962},
	organization = {Van Gogh Museum, Amsterdam (Vincent van Gogh Foundation)}
}
@misc{006,
	author = {Vincent Van Gogh},
	title = {{Peasant Burning Weeds}},
	year = {1883},
	url = {https://www.vangoghmuseum.nl/en/collection/s0548S2019},
	organization = {Van Gogh Museum, Amsterdam (Vincent van Gogh Foundation)}
}
@misc{007,
	author = {Vincent Van Gogh},
	title = {{Congregation Leaving the Reformed Church in Nuenen}},
	year = {1884},
	url = {https://www.vangoghmuseum.nl/en/collection/s0003V1962},
	organization = {Van Gogh Museum, Amsterdam (Vincent van Gogh Foundation)}
}
@misc{008,
	author = {Vincent Van Gogh},
	title = {{Vase with Honesty}},
	year = {1884},
	url = {https://www.vangoghmuseum.nl/en/collection/s0009V1962},
	organization = {Van Gogh Museum, Amsterdam (Vincent van Gogh Foundation)}
}
@misc{009,
	author = {Vincent Van Gogh},
	title = {{Still Life with Bottles and Earthenware}},
	year = {1884},
	url = {https://www.vangoghmuseum.nl/en/collection/s0060V1962r},
	organization = {Van Gogh Museum, Amsterdam (Vincent van Gogh Foundation)}
}
@misc{010,
	author = {Vincent Van Gogh},
	title = {{Head of a Man}},
	year = {1884},
	url = {https://www.vangoghmuseum.nl/en/collection/s0069V1962},
	organization = {Van Gogh Museum, Amsterdam (Vincent van Gogh Foundation)}
}
@misc{011,
	author = {Vincent Van Gogh},
	title = {{Still Life with Vegetables and Fruit}},
	year = {1884},
	url = {https://www.vangoghmuseum.nl/en/collection/s0070V1962},
	organization = {Van Gogh Museum, Amsterdam (Vincent van Gogh Foundation)}
}
@misc{012,
	author = {Vincent Van Gogh},
	title = {{Head of a Woman}},
	year = {1884},
	url = {https://www.vangoghmuseum.nl/en/collection/s0072V1962},
	organization = {Van Gogh Museum, Amsterdam (Vincent van Gogh Foundation)}
}
@misc{013,
	author = {Vincent Van Gogh},
	title = {{Flying Fox}},
	year = {1884},
	url = {https://www.vangoghmuseum.nl/en/collection/s0136V1973},
	organization = {Van Gogh Museum, Amsterdam (Vincent van Gogh Foundation)}
}
@misc{014,
	author = {Vincent Van Gogh},
	title = {{Avenue of Poplars in Autumn}},
	year = {1884},
	url = {https://www.vangoghmuseum.nl/en/collection/s0141M1977},
	organization = {Van Gogh Museum, Amsterdam (Vincent van Gogh Foundation)}
}
@misc{015,
	author = {Vincent Van Gogh},
	title = {{Head of a Woman}},
	year = {1884},
	url = {https://www.vangoghmuseum.nl/en/collection/s0343V1966},
	organization = {Van Gogh Museum, Amsterdam (Vincent van Gogh Foundation)}
}
@misc{016,
	author = {Vincent Van Gogh},
	title = {{The Potato Eaters}},
	year = {1885},
	url = {https://www.vangoghmuseum.nl/en/collection/s0005V1962},
	organization = {Van Gogh Museum, Amsterdam (Vincent van Gogh Foundation)}
}
@misc{017,
	author = {Vincent Van Gogh},
	title = {{Birds' Nests}},
	year = {1885},
	url = {https://www.vangoghmuseum.nl/en/collection/s0001V1962},
	organization = {Van Gogh Museum, Amsterdam (Vincent van Gogh Foundation)}
}
@misc{018,
	author = {Vincent Van Gogh},
	title = {{The Old Church Tower at Nuenen ('The Peasants' Churchyard')}},
	year = {1885},
	url = {https://www.vangoghmuseum.nl/en/collection/s0002V1962},
	organization = {Van Gogh Museum, Amsterdam (Vincent van Gogh Foundation)}
}
@misc{019,
	author = {Vincent Van Gogh},
	title = {{Head of a Woman}},
	year = {1885},
	url = {https://www.vangoghmuseum.nl/en/collection/s0004V1962r},
	organization = {Van Gogh Museum, Amsterdam (Vincent van Gogh Foundation)}
}
@misc{020,
	author = {Vincent Van Gogh},
	title = {{Head of a Woman}},
	year = {1885},
	url = {https://www.vangoghmuseum.nl/en/collection/s0006V1962},
	organization = {Van Gogh Museum, Amsterdam (Vincent van Gogh Foundation)}
}
@misc{021,
	author = {Vincent Van Gogh},
	title = {{Woman Sewing}},
	year = {1885},
	url = {https://www.vangoghmuseum.nl/en/collection/s0007V1962},
	organization = {Van Gogh Museum, Amsterdam (Vincent van Gogh Foundation)}
}
@misc{022,
	author = {Vincent Van Gogh},
	title = {{Still Life with Bible}},
	year = {1885},
	url = {https://www.vangoghmuseum.nl/en/collection/s0008V1962},
	organization = {Van Gogh Museum, Amsterdam (Vincent van Gogh Foundation)}
}
@misc{023,
	author = {Vincent Van Gogh},
	title = {{Portrait of an Old Woman}},
	year = {1885},
	url = {https://www.vangoghmuseum.nl/en/collection/s0010V1962},
	organization = {Van Gogh Museum, Amsterdam (Vincent van Gogh Foundation)}
}
@misc{024,
	author = {Vincent Van Gogh},
	title = {{Still Life with Brass Cauldron and Jug}},
	year = {1885},
	url = {https://www.vangoghmuseum.nl/en/collection/s0052V1962},
	organization = {Van Gogh Museum, Amsterdam (Vincent van Gogh Foundation)}
}
@misc{025,
	author = {Vincent Van Gogh},
	title = {{Bobbin Winder}},
	year = {1885},
	url = {https://www.vangoghmuseum.nl/en/collection/s0054V1962},
	organization = {Van Gogh Museum, Amsterdam (Vincent van Gogh Foundation)}
}
@misc{026,
	author = {Vincent Van Gogh},
	title = {{Woman with a Mourning Shawl}},
	year = {1885},
	url = {https://www.vangoghmuseum.nl/en/collection/s0058V1962},
	organization = {Van Gogh Museum, Amsterdam (Vincent van Gogh Foundation)}
}
@misc{027,
	author = {Vincent Van Gogh},
	title = {{Head of a Woman}},
	year = {1885},
	url = {https://www.vangoghmuseum.nl/en/collection/s0059V1962},
	organization = {Van Gogh Museum, Amsterdam (Vincent van Gogh Foundation)}
}
@misc{029,
	author = {Vincent Van Gogh},
	title = {{Portrait of an Old Man}},
	year = {1885},
	url = {https://www.vangoghmuseum.nl/en/collection/s0061V1962},
	organization = {Van Gogh Museum, Amsterdam (Vincent van Gogh Foundation)}
}
@misc{030,
	author = {Vincent Van Gogh},
	title = {{Head of a Woman}},
	year = {1885},
	url = {https://www.vangoghmuseum.nl/en/collection/s0062V1962},
	organization = {Van Gogh Museum, Amsterdam (Vincent van Gogh Foundation)}
}
@misc{031,
	author = {Vincent Van Gogh},
	title = {{Head of a Man}},
	year = {1885},
	url = {https://www.vangoghmuseum.nl/en/collection/s0068V1962r},
	organization = {Van Gogh Museum, Amsterdam (Vincent van Gogh Foundation)}
}
@misc{033,
	author = {Vincent Van Gogh},
	title = {{Birds' Nests}},
	year = {1885},
	url = {https://www.vangoghmuseum.nl/en/collection/s0071V1962r},
	organization = {Van Gogh Museum, Amsterdam (Vincent van Gogh Foundation)}
}
@misc{035,
	author = {Vincent Van Gogh},
	title = {{Woman Winding Yarn}},
	year = {1885},
	url = {https://www.vangoghmuseum.nl/en/collection/s0073V1962},
	organization = {Van Gogh Museum, Amsterdam (Vincent van Gogh Foundation)}
}
@misc{036,
	author = {Vincent Van Gogh},
	title = {{Head of a Woman}},
	year = {1885},
	url = {https://www.vangoghmuseum.nl/en/collection/s0084V1962},
	organization = {Van Gogh Museum, Amsterdam (Vincent van Gogh Foundation)}
}
@misc{037,
	author = {Vincent Van Gogh},
	title = {{The De Ruijterkade in Amsterdam}},
	year = {1885},
	url = {https://www.vangoghmuseum.nl/en/collection/s0085V1962},
	organization = {Van Gogh Museum, Amsterdam (Vincent van Gogh Foundation)}
}
@misc{038,
	author = {Vincent Van Gogh},
	title = {{The Cottage}},
	year = {1885},
	url = {https://www.vangoghmuseum.nl/en/collection/s0087V1962},
	organization = {Van Gogh Museum, Amsterdam (Vincent van Gogh Foundation)}
}
@misc{039,
	author = {Vincent Van Gogh},
	title = {{Beer Tankards}},
	year = {1885},
	url = {https://www.vangoghmuseum.nl/en/collection/s0096V1962},
	organization = {Van Gogh Museum, Amsterdam (Vincent van Gogh Foundation)}
}
@misc{040,
	author = {Vincent Van Gogh},
	title = {{Head of a Woman}},
	year = {1885},
	url = {https://www.vangoghmuseum.nl/en/collection/s0097V1962r},
	organization = {Van Gogh Museum, Amsterdam (Vincent van Gogh Foundation)}
}
@misc{041,
	author = {Vincent Van Gogh},
	title = {{Head of a Woman}},
	year = {1885},
	url = {https://www.vangoghmuseum.nl/en/collection/s0132V1962},
	organization = {Van Gogh Museum, Amsterdam (Vincent van Gogh Foundation)}
}
@misc{042,
	author = {Vincent Van Gogh},
	title = {{Study for 'The Potato Eaters'}},
	year = {1885},
	url = {https://www.vangoghmuseum.nl/en/collection/s0135V1962r},
	organization = {Van Gogh Museum, Amsterdam (Vincent van Gogh Foundation)}
}
@misc{043,
	author = {Vincent Van Gogh},
	title = {{Still Life with Earthenware and Bottles}},
	year = {1885},
	url = {https://www.vangoghmuseum.nl/en/collection/s0138V1962},
	organization = {Van Gogh Museum, Amsterdam (Vincent van Gogh Foundation)}
}
@misc{044,
	author = {Vincent Van Gogh},
	title = {{Head of a Woman (Gordina de Groot)}},
	year = {1885},
	url = {https://www.vangoghmuseum.nl/en/collection/s0139V1962},
	organization = {Van Gogh Museum, Amsterdam (Vincent van Gogh Foundation)}
}
@misc{045,
	author = {Vincent Van Gogh},
	title = {{The Vicarage at Nuenen}},
	year = {1885},
	url = {https://www.vangoghmuseum.nl/en/collection/s0140V1962},
	organization = {Van Gogh Museum, Amsterdam (Vincent van Gogh Foundation)}
}
@misc{046,
	author = {Vincent Van Gogh},
	title = {{Houses Seen from the Back}},
	year = {1885},
	url = {https://www.vangoghmuseum.nl/en/collection/s0142V1962},
	organization = {Van Gogh Museum, Amsterdam (Vincent van Gogh Foundation)}
}
@misc{047,
	author = {Vincent Van Gogh},
	title = {{Portrait of a Woman}},
	year = {1885},
	url = {https://www.vangoghmuseum.nl/en/collection/s0143V1962},
	organization = {Van Gogh Museum, Amsterdam (Vincent van Gogh Foundation)}
}
@misc{048,
	author = {Vincent Van Gogh},
	title = {{Basket of Apples}},
	year = {1885},
	url = {https://www.vangoghmuseum.nl/en/collection/s0150V1962},
	organization = {Van Gogh Museum, Amsterdam (Vincent van Gogh Foundation)}
}
@misc{049,
	author = {Vincent Van Gogh},
	title = {{Basket of Apples}},
	year = {1885},
	url = {https://www.vangoghmuseum.nl/en/collection/s0151V1962},
	organization = {Van Gogh Museum, Amsterdam (Vincent van Gogh Foundation)}
}
@misc{050,
	author = {Vincent Van Gogh},
	title = {{Basket of Potatoes}},
	year = {1885},
	url = {https://www.vangoghmuseum.nl/en/collection/s0152V1962},
	organization = {Van Gogh Museum, Amsterdam (Vincent van Gogh Foundation)}
}
@misc{051,
	author = {Vincent Van Gogh},
	title = {{Basket of Potatoes}},
	year = {1885},
	url = {https://www.vangoghmuseum.nl/en/collection/s0153V1962},
	organization = {Van Gogh Museum, Amsterdam (Vincent van Gogh Foundation)}
}
@misc{052,
	author = {Vincent Van Gogh},
	title = {{Baskets of Potatoes}},
	year = {1885},
	url = {https://www.vangoghmuseum.nl/en/collection/s0154V1962},
	organization = {Van Gogh Museum, Amsterdam (Vincent van Gogh Foundation)}
}
@misc{054,
	author = {Vincent Van Gogh},
	title = {{Woman Lifting Potatoes}},
	year = {1885},
	url = {https://www.vangoghmuseum.nl/en/collection/s0452S1995},
	organization = {Van Gogh Museum, Amsterdam (Vincent van Gogh Foundation)}
}
@misc{055,
	author = {Vincent Van Gogh},
	title = {{Shoes}},
	year = {1886},
	url = {https://www.vangoghmuseum.nl/en/collection/s0011V1962},
	organization = {Van Gogh Museum, Amsterdam (Vincent van Gogh Foundation)}
}
@misc{056,
	author = {Vincent Van Gogh},
	title = {{The Hill of Montmartre with Stone Quarry}},
	year = {1886},
	url = {https://www.vangoghmuseum.nl/en/collection/s0012V1962}
	organization = {Van Gogh Museum, Amsterdam (Vincent van Gogh Foundation)}
}
@misc{057,
	author = {Vincent Van Gogh},
	title = {{View of Paris}},
	year = {1886},
	url = {https://www.vangoghmuseum.nl/en/collection/s0013V1962},
	organization = {Van Gogh Museum, Amsterdam (Vincent van Gogh Foundation)}
}
@misc{058,
	author = {Vincent Van Gogh},
	title = {{Torso of Venus}},
	year = {1886},
	url = {https://www.vangoghmuseum.nl/en/collection/s0056V1962},
	organization = {Van Gogh Museum, Amsterdam (Vincent van Gogh Foundation)}
}
@misc{059,
	author = {Vincent Van Gogh},
	title = {{The Hill of Montmartre with Stone Quarry}},
	year = {1886},
	url = {https://www.vangoghmuseum.nl/en/collection/s0064V1962},
	organization = {Van Gogh Museum, Amsterdam (Vincent van Gogh Foundation)}
}
@misc{060,
	author = {Vincent Van Gogh},
	title = {{Portrait of a Woman}},
	year = {1886},
	url = {https://www.vangoghmuseum.nl/en/collection/s0074V1962},
	organization = {Van Gogh Museum, Amsterdam (Vincent van Gogh Foundation)}
}
@misc{061,
	author = {Vincent Van Gogh},
	title = {{Head of a Skeleton with a Burning Cigarette}},
	year = {1886},
	url = {https://www.vangoghmuseum.nl/en/collection/s0083V1962},
	organization = {Van Gogh Museum, Amsterdam (Vincent van Gogh Foundation)}
}
@misc{062,
	author = {Vincent Van Gogh},
	title = {{Torso of Venus}},
	year = {1886},
	url = {https://www.vangoghmuseum.nl/en/collection/s0089V1962},
	organization = {Van Gogh Museum, Amsterdam (Vincent van Gogh Foundation)}
}
@misc{063,
	author = {Vincent Van Gogh},
	title = {{Nude Girl, Seated}},
	year = {1886},
	url = {https://www.vangoghmuseum.nl/en/collection/s0090V1962},
	organization = {Van Gogh Museum, Amsterdam (Vincent van Gogh Foundation)}
}
@misc{064,
	author = {Vincent Van Gogh},
	title = {{Portrait of a Woman}},
	year = {1886},
	url = {https://www.vangoghmuseum.nl/en/collection/s0091V1962},
	organization = {Van Gogh Museum, Amsterdam (Vincent van Gogh Foundation)}
}
@misc{065,
	author = {Vincent Van Gogh},
	title = {{Path in Montmartre}},
	year = {1886},
	url = {https://www.vangoghmuseum.nl/en/collection/s0092V1962},
	organization = {Van Gogh Museum, Amsterdam (Vincent van Gogh Foundation)}
}
@misc{066,
	author = {Vincent Van Gogh},
	title = {{View from Vincent's Studio}},
	year = {1886},
	url = {https://www.vangoghmuseum.nl/en/collection/s0095V1962},
	organization = {Van Gogh Museum, Amsterdam (Vincent van Gogh Foundation)}
}
@misc{067,
	author = {Vincent Van Gogh},
	title = {{Torso of Venus}},
	year = {1886},
	url = {https://www.vangoghmuseum.nl/en/collection/s0101V1962},
	organization = {Van Gogh Museum, Amsterdam (Vincent van Gogh Foundation)}
}
@misc{068,
	author = {Vincent Van Gogh},
	title = {{Kneeling Ecorché}},
	year = {1886},
	url = {https://www.vangoghmuseum.nl/en/collection/s0102V1962},
	organization = {Van Gogh Museum, Amsterdam (Vincent van Gogh Foundation)}
}
@misc{069,
	author = {Vincent Van Gogh},
	title = {{Male Torso}},
	year = {1886},
	url = {https://www.vangoghmuseum.nl/en/collection/s0103V1962},
	organization = {Van Gogh Museum, Amsterdam (Vincent van Gogh Foundation)}
}
@misc{070,
	author = {Vincent Van Gogh},
	title = {{Prawns and Mussels}},
	year = {1886},
	url = {https://www.vangoghmuseum.nl/en/collection/s0122V1962},
	organization = {Van Gogh Museum, Amsterdam (Vincent van Gogh Foundation)}
}
@misc{072,
	author = {Vincent Van Gogh},
	title = {{Vase with Gladioli and Chinese Asters}},
	year = {1886},
	url = {https://www.vangoghmuseum.nl/en/collection/s0144V1962},
	organization = {Van Gogh Museum, Amsterdam (Vincent van Gogh Foundation)}
}
@misc{073,
	author = {Vincent Van Gogh},
	title = {{Self-Portrait with Pipe}},
	year = {1886},
	url = {https://www.vangoghmuseum.nl/en/collection/s0158V1962},
	organization = {Van Gogh Museum, Amsterdam (Vincent van Gogh Foundation)}
}
@misc{074,
	author = {Vincent Van Gogh},
	title = {{Self-Portrait}},
	year = {1886},
	url = {https://www.vangoghmuseum.nl/en/collection/s0159V1962},
	organization = {Van Gogh Museum, Amsterdam (Vincent van Gogh Foundation)}
}
@misc{075,
	author = {Vincent Van Gogh},
	title = {{Self-Portrait as a Painter}},
	year = {1886},
	url = {https://www.vangoghmuseum.nl/en/collection/s0160V1962},
	organization = {Van Gogh Museum, Amsterdam (Vincent van Gogh Foundation)}
}
@misc{076,
	author = {Vincent Van Gogh},
	title = {{Self-Portrait with Felt Hat}},
	year = {1886},
	url = {https://www.vangoghmuseum.nl/en/collection/s0162V1962},
	organization = {Van Gogh Museum, Amsterdam (Vincent van Gogh Foundation)}
}
@misc{077,
	author = {Vincent Van Gogh},
	title = {{Vase with Chinese Asters and Gladioli}},
	year = {1886},
	url = {https://www.vangoghmuseum.nl/en/collection/s0177V1962},
	organization = {Van Gogh Museum, Amsterdam (Vincent van Gogh Foundation)}
}
@misc{078,
	author = {Vincent Van Gogh},
	title = {{Glass with Yellow Roses}},
	year = {1886},
	url = {https://www.vangoghmuseum.nl/en/collection/s0178V1962},
	organization = {Van Gogh Museum, Amsterdam (Vincent van Gogh Foundation)}
}
@misc{079,
	author = {Vincent Van Gogh},
	title = {{Small Bottle with Peonies and Blue Delphiniums}},
	year = {1886},
	url = {https://www.vangoghmuseum.nl/en/collection/s0182V1962},
	organization = {Van Gogh Museum, Amsterdam (Vincent van Gogh Foundation)}
}
@misc{080,
	author = {Vincent Van Gogh},
	title = {{Flame Nettle in a Flowerpot}},
	year = {1886},
	url = {https://www.vangoghmuseum.nl/en/collection/s0185V1962},
	organization = {Van Gogh Museum, Amsterdam (Vincent van Gogh Foundation)}
}
@misc{081,
	author = {Vincent Van Gogh},
	title = {{Torso of Venus}},
	year = {1886},
	url = {https://www.vangoghmuseum.nl/en/collection/s0201V1962},
	organization = {Van Gogh Museum, Amsterdam (Vincent van Gogh Foundation)}
}
@misc{082,
	author = {Vincent Van Gogh},
	title = {{Horse}},
	year = {1886},
	url = {https://www.vangoghmuseum.nl/en/collection/s0202V1962},
	organization = {Van Gogh Museum, Amsterdam (Vincent van Gogh Foundation)}
}
@misc{083,
	author = {Vincent Van Gogh},
	title = {{Garden with Courting Couples: Square Saint-Pierre}},
	year = {1887},
	url = {https://www.vangoghmuseum.nl/en/collection/s0019V1962},
	organization = {Van Gogh Museum, Amsterdam (Vincent van Gogh Foundation)}
}
@misc{084,
	author = {Vincent Van Gogh},
	title = {{Self-Portrait as a Painter}},
	year = {1887},
	url = {https://www.vangoghmuseum.nl/en/collection/s0022V1962},
	organization = {Van Gogh Museum, Amsterdam (Vincent van Gogh Foundation)}
}
@misc{085,
	author = {Vincent Van Gogh},
	title = {{Allotment with Sunflower}},
	year = {1887},
	url = {https://www.vangoghmuseum.nl/en/collection/s0004V1962v},
	organization = {Van Gogh Museum, Amsterdam (Vincent van Gogh Foundation)}
}
@misc{086,
	author = {Vincent Van Gogh},
	title = {{Impasse des Deux Frères}},
	year = {1887},
	url = {https://www.vangoghmuseum.nl/en/collection/s0014V1962},
	organization = {Van Gogh Museum, Amsterdam (Vincent van Gogh Foundation)}
}
@misc{087,
	author = {Vincent Van Gogh},
	title = {{Montmartre: Windmills and Allotments}},
	year = {1887},
	url = {https://www.vangoghmuseum.nl/en/collection/s0015V1962},
	organization = {Van Gogh Museum, Amsterdam (Vincent van Gogh Foundation)}
}
@misc{088,
	author = {Vincent Van Gogh},
	title = {{Self-Portrait with Grey Felt Hat}},
	year = {1887},
	url = {https://www.vangoghmuseum.nl/en/collection/s0016V1962},
	organization = {Van Gogh Museum, Amsterdam (Vincent van Gogh Foundation)}
}
@misc{089,
	author = {Vincent Van Gogh},
	title = {{By the Seine}},
	year = {1887},
	url = {https://www.vangoghmuseum.nl/en/collection/s0055V1962},
	organization = {Van Gogh Museum, Amsterdam (Vincent van Gogh Foundation)}
}
@misc{090,
	author = {Vincent Van Gogh},
	title = {{Quinces, Lemons, Pears and Grapes}},
	year = {1887},
	url = {https://www.vangoghmuseum.nl/en/collection/s0023V1962},
	organization = {Van Gogh Museum, Amsterdam (Vincent van Gogh Foundation)}
}
@misc{091,
	author = {Vincent Van Gogh},
	title = {{Piles of French Novels}},
	year = {1887},
	url = {https://www.vangoghmuseum.nl/en/collection/s0021V1962},
	organization = {Van Gogh Museum, Amsterdam (Vincent van Gogh Foundation)}
}
@misc{092,
	author = {Vincent Van Gogh},
	title = {{Carafe and Dish with Citrus Fruit}},
	year = {1887},
	url = {https://www.vangoghmuseum.nl/en/collection/s0020V1962},
	organization = {Van Gogh Museum, Amsterdam (Vincent van Gogh Foundation)}
}
@misc{093,
	author = {Vincent Van Gogh},
	title = {{Montmartre: Behind the Moulin de la Galette}},
	year = {1887},
	url = {https://www.vangoghmuseum.nl/en/collection/s0018V1962},
	organization = {Van Gogh Museum, Amsterdam (Vincent van Gogh Foundation)}
}
@misc{094,
	author = {Vincent Van Gogh},
	title = {{In the Café: Agostina Segatori in Le Tambourin}},
	year = {1887},
	url = {https://www.vangoghmuseum.nl/en/collection/s0017V1962},
	organization = {Van Gogh Museum, Amsterdam (Vincent van Gogh Foundation)}
}
@misc{095,
	author = {Vincent Van Gogh},
	title = {{View from Theo's Apartment}},
	year = {1887},
	url = {https://www.vangoghmuseum.nl/en/collection/s0057V1962},
	organization = {Van Gogh Museum, Amsterdam (Vincent van Gogh Foundation)}
}
@misc{096,
	author = {Vincent Van Gogh},
	title = {{Self-Portrait with Straw Hat}},
	year = {1887},
	url = {https://www.vangoghmuseum.nl/en/collection/s0060V1962v},
	organization = {Van Gogh Museum, Amsterdam (Vincent van Gogh Foundation)}
}
@misc{097,
	author = {Vincent Van Gogh},
	title = {{Basket of Hyacinth Bulbs}},
	year = {1887},
	url = {https://www.vangoghmuseum.nl/en/collection/s0063V1962},
	organization = {Van Gogh Museum, Amsterdam (Vincent van Gogh Foundation)}
}
@misc{098,
	author = {Vincent Van Gogh},
	title = {{Self-Portrait}},
	year = {1887},
	url = {https://www.vangoghmuseum.nl/en/collection/s0065V1962},
	organization = {Van Gogh Museum, Amsterdam (Vincent van Gogh Foundation)}
}
@misc{099,
	author = {Vincent Van Gogh},
	title = {{Trees and Undergrowth}},
	year = {1887},
	url = {https://www.vangoghmuseum.nl/en/collection/s0066V1962},
	organization = {Van Gogh Museum, Amsterdam (Vincent van Gogh Foundation)}
}
@misc{100,
	author = {Vincent Van Gogh},
	title = {{Self-Portrait with Straw Hat and Pipe}},
	year = {1887},
	url = {https://www.vangoghmuseum.nl/en/collection/s0068V1962v},
	organization = {Van Gogh Museum, Amsterdam (Vincent van Gogh Foundation)}
}
@misc{101,
	author = {Vincent Van Gogh},
	title = {{Self-Portrait}},
	year = {1887},
	url = {https://www.vangoghmuseum.nl/en/collection/s0071V1962v},
	organization = {Van Gogh Museum, Amsterdam (Vincent van Gogh Foundation)}
}
@misc{102,
	author = {Vincent Van Gogh},
	title = {{Plaster Cast of a Woman's Torso}},
	year = {1887},
	url = {https://www.vangoghmuseum.nl/en/collection/s0075V1962},
	organization = {Van Gogh Museum, Amsterdam (Vincent van Gogh Foundation)}
}
@misc{103,
	author = {Vincent Van Gogh},
	title = {{Bank of the Seine}},
	year = {1887},
	url = {https://www.vangoghmuseum.nl/en/collection/s0077V1962},
	organization = {Van Gogh Museum, Amsterdam (Vincent van Gogh Foundation)}
}
@misc{104,
	author = {Vincent Van Gogh},
	title = {{Trees}},
	year = {1887},
	url = {https://www.vangoghmuseum.nl/en/collection/s0078V1962},
	organization = {Van Gogh Museum, Amsterdam (Vincent van Gogh Foundation)}
}
@misc{105,
	author = {Vincent Van Gogh},
	title = {{Undergrowth}},
	year = {1887},
	url = {https://www.vangoghmuseum.nl/en/collection/s0079V1962},
	organization = {Van Gogh Museum, Amsterdam (Vincent van Gogh Foundation)}
}
@misc{106,
	author = {Vincent Van Gogh},
	title = {{Path in the Woods}},
	year = {1887},
	url = {https://www.vangoghmuseum.nl/en/collection/s0080V1962},
	organization = {Van Gogh Museum, Amsterdam (Vincent van Gogh Foundation)}
}
@misc{107,
	author = {Vincent Van Gogh},
	title = {{Red Cabbages and Onions}},
	year = {1887},
	url = {https://www.vangoghmuseum.nl/en/collection/s0082V1962},
	organization = {Van Gogh Museum, Amsterdam (Vincent van Gogh Foundation)}
}
@misc{108,
	author = {Vincent Van Gogh},
	title = {{The Bridge at Courbevoie}},
	year = {1887},
	url = {https://www.vangoghmuseum.nl/en/collection/s0086V1962},
	organization = {Van Gogh Museum, Amsterdam (Vincent van Gogh Foundation)}
}
@misc{109,
	author = {Vincent Van Gogh},
	title = {{Portrait of Agostina Segatori}},
	year = {1887},
	url = {https://www.vangoghmuseum.nl/en/collection/s0093V1962},
	organization = {Van Gogh Museum, Amsterdam (Vincent van Gogh Foundation)}
}
@misc{110,
	author = {Vincent Van Gogh},
	title = {{Boulevard de Clichy}},
	year = {1887},
	url = {https://www.vangoghmuseum.nl/en/collection/s0094V1962},
	organization = {Van Gogh Museum, Amsterdam (Vincent van Gogh Foundation)}
}
@misc{111,
	author = {Vincent Van Gogh},
	title = {{Self-Portrait}},
	year = {1887},
	url = {https://www.vangoghmuseum.nl/en/collection/s0097V1962v},
	organization = {Van Gogh Museum, Amsterdam (Vincent van Gogh Foundation)}
}
@misc{112,
	author = {Vincent Van Gogh},
	title = {{Square Saint-Pierre at Sunset}},
	year = {1887},
	url = {https://www.vangoghmuseum.nl/en/collection/s0098V1962},
	organization = {Van Gogh Museum, Amsterdam (Vincent van Gogh Foundation)}
}
@misc{113,
	author = {Vincent Van Gogh},
	title = {{Kingfisher by the Waterside}},
	year = {1887},
	url = {https://www.vangoghmuseum.nl/en/collection/s0100V1962},
	organization = {Van Gogh Museum, Amsterdam (Vincent van Gogh Foundation)}
}
@misc{114,
	author = {Vincent Van Gogh},
	title = {{Bridge in the Rain (after Hiroshige)}},
	year = {1887},
	url = {https://www.vangoghmuseum.nl/en/collection/s0114V1962},
	organization = {Van Gogh Museum, Amsterdam (Vincent van Gogh Foundation)}
}
@misc{115,
	author = {Vincent Van Gogh},
	title = {{Flowering Plum Orchard (after Hiroshige)}},
	year = {1887},
	url = {https://www.vangoghmuseum.nl/en/collection/s0115V1962},
	organization = {Van Gogh Museum, Amsterdam (Vincent van Gogh Foundation)}
}
@misc{116,
	author = {Vincent Van Gogh},
	title = {{Courtesan (after Eisen)}},
	year = {1887},
	url = {https://www.vangoghmuseum.nl/en/collection/s0116V1962},
	organization = {Van Gogh Museum, Amsterdam (Vincent van Gogh Foundation)}
}
@misc{117,
	author = {Vincent Van Gogh},
	title = {{Sunflowers Gone to Seed}},
	year = {1887},
	url = {https://www.vangoghmuseum.nl/en/collection/s0121V1962},
	organization = {Van Gogh Museum, Amsterdam (Vincent van Gogh Foundation)}
}
@misc{118,
	author = {Vincent Van Gogh},
	title = {{Skull}},
	year = {1887},
	url = {https://www.vangoghmuseum.nl/en/collection/s0123V1962},
	organization = {Van Gogh Museum, Amsterdam (Vincent van Gogh Foundation)}
}
@misc{119,
	author = {Vincent Van Gogh},
	title = {{A Crab on its Back}},
	year = {1887},
	url = {https://www.vangoghmuseum.nl/en/collection/s0124V1962},
	organization = {Van Gogh Museum, Amsterdam (Vincent van Gogh Foundation)}
}
@misc{120,
	author = {Vincent Van Gogh},
	title = {{Portrait of Etienne-Lucien Martin}},
	year = {1887},
	url = {https://www.vangoghmuseum.nl/en/collection/s0125V1962},
	organization = {Van Gogh Museum, Amsterdam (Vincent van Gogh Foundation)}
}
@misc{121,
	author = {Vincent Van Gogh},
	title = {{Horse Chestnut Tree in Blossom}},
	year = {1887},
	url = {https://www.vangoghmuseum.nl/en/collection/s0126V1962},
	organization = {Van Gogh Museum, Amsterdam (Vincent van Gogh Foundation)}
}
@misc{122,
	author = {Vincent Van Gogh},
	title = {{Shoes}},
	year = {1887},
	url = {https://www.vangoghmuseum.nl/en/collection/s0127V1962},
	organization = {Van Gogh Museum, Amsterdam (Vincent van Gogh Foundation)}
}
@misc{123,
	author = {Vincent Van Gogh},
	title = {{Skull}},
	year = {1887},
	url = {https://www.vangoghmuseum.nl/en/collection/s0128V1962},
	organization = {Van Gogh Museum, Amsterdam (Vincent van Gogh Foundation)}
}
@misc{124,
	author = {Vincent Van Gogh},
	title = {{Apples}},
	year = {1887},
	url = {https://www.vangoghmuseum.nl/en/collection/s0131V1962},
	organization = {Van Gogh Museum, Amsterdam (Vincent van Gogh Foundation)}
}
@misc{125,
	author = {Vincent Van Gogh},
	title = {{Sunset in Montmartre}},
	year = {1887},
	url = {https://www.vangoghmuseum.nl/en/collection/s0133M1970},
	organization = {Van Gogh Museum, Amsterdam (Vincent van Gogh Foundation)}
}
@misc{126,
	author = {Vincent Van Gogh},
	title = {{Exterior of a Restaurant in Asnières}},
	year = {1887},
	url = {https://www.vangoghmuseum.nl/en/collection/s0134V1962},
	organization = {Van Gogh Museum, Amsterdam (Vincent van Gogh Foundation)}
}
@misc{127,
	author = {Vincent Van Gogh},
	title = {{Self-Portrait}},
	year = {1887},
	url = {https://www.vangoghmuseum.nl/en/collection/s0135V1962v},
	organization = {Van Gogh Museum, Amsterdam (Vincent van Gogh Foundation)}
}
@misc{128,
	author = {Vincent Van Gogh},
	title = {{Self-Portrait}},
	year = {1887},
	url = {https://www.vangoghmuseum.nl/en/collection/s0155V1962},
	organization = {Van Gogh Museum, Amsterdam (Vincent van Gogh Foundation)}
}
@misc{129,
	author = {Vincent Van Gogh},
	title = {{Self-Portrait}},
	year = {1887},
	url = {https://www.vangoghmuseum.nl/en/collection/s0156V1962},
	organization = {Van Gogh Museum, Amsterdam (Vincent van Gogh Foundation)}
}
@misc{130,
	author = {Vincent Van Gogh},
	title = {{Self-Portrait or Portrait of Theo van Gogh}},
	year = {1887},
	url = {https://www.vangoghmuseum.nl/en/collection/s0157V1962},
	organization = {Van Gogh Museum, Amsterdam (Vincent van Gogh Foundation)}
}
@misc{131,
	author = {Vincent Van Gogh},
	title = {{Self-Portrait with Glass}},
	year = {1887},
	url = {https://www.vangoghmuseum.nl/en/collection/s0161V1962},
	organization = {Van Gogh Museum, Amsterdam (Vincent van Gogh Foundation)}
}
@misc{133,
	author = {Vincent Van Gogh},
	title = {{Self-Portrait with Pipe and Straw Hat}},
	year = {1887},
	url = {https://www.vangoghmuseum.nl/en/collection/s0163V1962},
	organization = {Van Gogh Museum, Amsterdam (Vincent van Gogh Foundation)}
}
@misc{134,
	author = {Vincent Van Gogh},
	title = {{Self-Portrait with Straw Hat}},
	year = {1887},
	url = {https://www.vangoghmuseum.nl/en/collection/s0164V1962},
	organization = {Van Gogh Museum, Amsterdam (Vincent van Gogh Foundation)}
}
@misc{135,
	author = {Vincent Van Gogh},
	title = {{Portrait of Léonie Rose Charbuy-Davy}},
	year = {1887},
	url = {https://www.vangoghmuseum.nl/en/collection/s0165V1962},
	organization = {Van Gogh Museum, Amsterdam (Vincent van Gogh Foundation)}
}
@misc{136,
	author = {Vincent Van Gogh},
	title = {{Basket of Crocus Bulbs}},
	year = {1887},
	url = {https://www.vangoghmuseum.nl/en/collection/s0179V1962},
	organization = {Van Gogh Museum, Amsterdam (Vincent van Gogh Foundation)}
}
@misc{137,
	author = {Vincent Van Gogh},
	title = {{Basket of Pansies}},
	year = {1887},
	url = {https://www.vangoghmuseum.nl/en/collection/s0180V1962},
	organization = {Van Gogh Museum, Amsterdam (Vincent van Gogh Foundation)}
}
@misc{138,
	author = {Vincent Van Gogh},
	title = {{Three Novels}},
	year = {1887},
	url = {https://www.vangoghmuseum.nl/en/collection/s0181V1962},
	organization = {Van Gogh Museum, Amsterdam (Vincent van Gogh Foundation)}
}
@misc{139,
	author = {Vincent Van Gogh},
	title = {{Flowerpot with Garlic Chives}},
	year = {1887},
	url = {https://www.vangoghmuseum.nl/en/collection/s0183V1962},
	organization = {Van Gogh Museum, Amsterdam (Vincent van Gogh Foundation)}
}
@misc{140,
	author = {Vincent Van Gogh},
	title = {{Café Table with Absinthe}},
	year = {1887},
	url = {https://www.vangoghmuseum.nl/en/collection/s0186V1962},
	organization = {Van Gogh Museum, Amsterdam (Vincent van Gogh Foundation)}
}
@misc{141,
	author = {Vincent Van Gogh},
	title = {{Dish with Citrus Fruit}},
	year = {1887},
	url = {https://www.vangoghmuseum.nl/en/collection/s0193V1962},
	organization = {Van Gogh Museum, Amsterdam (Vincent van Gogh Foundation)}
}
@misc{142,
	author = {Vincent Van Gogh},
	title = {{Grapes}},
	year = {1887},
	url = {https://www.vangoghmuseum.nl/en/collection/s0194V1962},
	organization = {Van Gogh Museum, Amsterdam (Vincent van Gogh Foundation)}
}
@misc{143,
	author = {Vincent Van Gogh},
	title = {{Wheatfield with Partridge}},
	year = {1887},
	url = {https://www.vangoghmuseum.nl/en/collection/s0197V1962},
	organization = {Van Gogh Museum, Amsterdam (Vincent van Gogh Foundation)}
}
@misc{144,
	author = {Vincent Van Gogh},
	title = {{Plaster Cast of a Woman's Torso}},
	year = {1887},
	url = {https://www.vangoghmuseum.nl/en/collection/s0199V1962},
	organization = {Van Gogh Museum, Amsterdam (Vincent van Gogh Foundation)}
}
@misc{145,
	author = {Vincent Van Gogh},
	title = {{Plaster Cast of a Woman's Torso}},
	year = {1887},
	url = {https://www.vangoghmuseum.nl/en/collection/s0200V1962},
	organization = {Van Gogh Museum, Amsterdam (Vincent van Gogh Foundation)}
}
@misc{147,
	author = {Vincent Van Gogh},
	title = {{The Langlois Bridge}},
	year = {1888},
	url = {https://www.vangoghmuseum.nl/en/collection/s0027V1962},
	organization = {Van Gogh Museum, Amsterdam (Vincent van Gogh Foundation)}
}
@misc{148,
	author = {Vincent Van Gogh},
	title = {{The Sower}},
	year = {1888},
	url = {https://www.vangoghmuseum.nl/en/collection/s0029V1962},
	organization = {Van Gogh Museum, Amsterdam (Vincent van Gogh Foundation)}
}
@misc{149,
	author = {Vincent Van Gogh},
	title = {{The Yellow House (The Street)}},
	year = {1888},
	url = {https://www.vangoghmuseum.nl/en/collection/s0032V1962},
	organization = {Van Gogh Museum, Amsterdam (Vincent van Gogh Foundation)}
}
@misc{150,
	author = {Vincent Van Gogh},
	title = {{The Bedroom}},
	year = {1888},
	url = {https://www.vangoghmuseum.nl/en/collection/s0047V1962},
	organization = {Van Gogh Museum, Amsterdam (Vincent van Gogh Foundation)}
}
@misc{151,
	author = {Vincent Van Gogh},
	title = {{The White Orchard}},
	year = {1888},
	url = {https://www.vangoghmuseum.nl/en/collection/s0024V1962},
	organization = {Van Gogh Museum, Amsterdam (Vincent van Gogh Foundation)}
}
@misc{152,
	author = {Vincent Van Gogh},
	title = {{The Pink Peach Tree}},
	year = {1888},
	url = {https://www.vangoghmuseum.nl/en/collection/s0025V1962},
	organization = {Van Gogh Museum, Amsterdam (Vincent van Gogh Foundation)}
}
@misc{153,
	author = {Vincent Van Gogh},
	title = {{The Pink Orchard}},
	year = {1888},
	url = {https://www.vangoghmuseum.nl/en/collection/s0026V1962},
	organization = {Van Gogh Museum, Amsterdam (Vincent van Gogh Foundation)}
}
@misc{154,
	author = {Vincent Van Gogh},
	title = {{Fishing Boats on the Beach at Les Saintes-Maries-de-la-Mer}},
	year = {1888},
	url = {https://www.vangoghmuseum.nl/en/collection/s0028V1962},
	organization = {Van Gogh Museum, Amsterdam (Vincent van Gogh Foundation)}
}
@misc{155,
	author = {Vincent Van Gogh},
	title = {{The Harvest}},
	year = {1888},
	url = {https://www.vangoghmuseum.nl/en/collection/s0030V1962},
	organization = {Van Gogh Museum, Amsterdam (Vincent van Gogh Foundation)}
}
@misc{156,
	author = {Vincent Van Gogh},
	title = {{Field with Poppies}},
	year = {1888},
	url = {https://www.vangoghmuseum.nl/en/collection/s0033V1962},
	organization = {Van Gogh Museum, Amsterdam (Vincent van Gogh Foundation)}
}
@misc{157,
	author = {Vincent Van Gogh},
	title = {{Farmhouse in a Wheatfield}},
	year = {1888},
	url = {https://www.vangoghmuseum.nl/en/collection/s0034V1962},
	organization = {Van Gogh Museum, Amsterdam (Vincent van Gogh Foundation)}
}
@misc{158,
	author = {Vincent Van Gogh},
	title = {{Peach Tree in Blossom}},
	year = {1888},
	url = {https://www.vangoghmuseum.nl/en/collection/s0035V1962},
	organization = {Van Gogh Museum, Amsterdam (Vincent van Gogh Foundation)}
}
@misc{159,
	author = {Vincent Van Gogh},
	title = {{Field with Irises near Arles}},
	year = {1888},
	url = {https://www.vangoghmuseum.nl/en/collection/s0037V1962},
	organization = {Van Gogh Museum, Amsterdam (Vincent van Gogh Foundation)}
}
@misc{160,
	author = {Vincent Van Gogh},
	title = {{Small Pear Tree in Blossom}},
	year = {1888},
	url = {https://www.vangoghmuseum.nl/en/collection/s0039V1962},
	organization = {Van Gogh Museum, Amsterdam (Vincent van Gogh Foundation)}
}
@misc{161,
	author = {Vincent Van Gogh},
	title = {{Ploughed Fields ('The Furrows')}},
	year = {1888},
	url = {https://www.vangoghmuseum.nl/en/collection/s0040V1962},
	organization = {Van Gogh Museum, Amsterdam (Vincent van Gogh Foundation)}
}
@misc{162,
	author = {Vincent Van Gogh},
	title = {{Gauguin's Chair}},
	year = {1888},
	url = {https://www.vangoghmuseum.nl/en/collection/s0048V1962},
	organization = {Van Gogh Museum, Amsterdam (Vincent van Gogh Foundation)}
}
@misc{163,
	author = {Vincent Van Gogh},
	title = {{The Zouave}},
	year = {1888},
	url = {https://www.vangoghmuseum.nl/en/collection/s0067V1962},
	organization = {Van Gogh Museum, Amsterdam (Vincent van Gogh Foundation)}
}
@misc{164,
	author = {Vincent Van Gogh},
	title = {{Seascape near Les Saintes-Maries-de-la-Mer}},
	year = {1888},
	url = {https://www.vangoghmuseum.nl/en/collection/s0117V1962},
	organization = {Van Gogh Museum, Amsterdam (Vincent van Gogh Foundation)}
}
@misc{165,
	author = {Vincent Van Gogh},
	title = {{View of a Butcher's Shop}},
	year = {1888},
	url = {https://www.vangoghmuseum.nl/en/collection/s0119V1962},
	organization = {Van Gogh Museum, Amsterdam (Vincent van Gogh Foundation)}
}
@misc{166,
	author = {Vincent Van Gogh},
	title = {{An Old Woman of Arles}},
	year = {1888},
	url = {https://www.vangoghmuseum.nl/en/collection/s0145V1962},
	organization = {Van Gogh Museum, Amsterdam (Vincent van Gogh Foundation)}
}
@misc{167,
	author = {Vincent Van Gogh},
	title = {{Wheatfield}},
	year = {1888},
	url = {https://www.vangoghmuseum.nl/en/collection/s0146V1962},
	organization = {Van Gogh Museum, Amsterdam (Vincent van Gogh Foundation)}
}
@misc{168,
	author = {Vincent Van Gogh},
	title = {{Portrait of Camille Roulin}},
	year = {1888},
	url = {https://www.vangoghmuseum.nl/en/collection/s0166V1962},
	organization = {Van Gogh Museum, Amsterdam (Vincent van Gogh Foundation)}
}
@misc{169,
	author = {Vincent Van Gogh},
	title = {{Portrait of Marcelle Roulin}},
	year = {1888},
	url = {https://www.vangoghmuseum.nl/en/collection/s0167V1962},
	organization = {Van Gogh Museum, Amsterdam (Vincent van Gogh Foundation)}
}
@misc{170,
	author = {Vincent Van Gogh},
	title = {{Sprig of Flowering Almond in a Glass}},
	year = {1888},
	url = {https://www.vangoghmuseum.nl/en/collection/s0184V1962},
	organization = {Van Gogh Museum, Amsterdam (Vincent van Gogh Foundation)}
}
@misc{171,
	author = {Vincent Van Gogh},
	title = {{Portrait of Gauguin}},
	year = {1888},
	url = {https://www.vangoghmuseum.nl/en/collection/s0257V1962},
	organization = {Van Gogh Museum, Amsterdam (Vincent van Gogh Foundation)}
}
@misc{172,
	author = {Vincent Van Gogh},
	title = {{Sunflowers}},
	year = {1889},
	url = {https://www.vangoghmuseum.nl/en/collection/s0031V1962},
	organization = {Van Gogh Museum, Amsterdam (Vincent van Gogh Foundation)}
}
@misc{173,
	author = {Vincent Van Gogh},
	title = {{Wheatfield with a Reaper}},
	year = {1889},
	url = {https://www.vangoghmuseum.nl/en/collection/s0049V1962},
	organization = {Van Gogh Museum, Amsterdam (Vincent van Gogh Foundation)}
}
@misc{174,
	author = {Vincent Van Gogh},
	title = {{Orchards in Blossom, View of Arles}},
	year = {1889},
	url = {https://www.vangoghmuseum.nl/en/collection/s0036V1962},
	organization = {Van Gogh Museum, Amsterdam (Vincent van Gogh Foundation)}
}
@misc{175,
	author = {Vincent Van Gogh},
	title = {{Orchard in Blossom}},
	year = {1889},
	url = {https://www.vangoghmuseum.nl/en/collection/s0038V1962},
	organization = {Van Gogh Museum, Amsterdam (Vincent van Gogh Foundation)}
}
@misc{176,
	author = {Vincent Van Gogh},
	title = {{Entrance to a Quarry}},
	year = {1889},
	url = {https://www.vangoghmuseum.nl/en/collection/s0041V1962},
	organization = {Van Gogh Museum, Amsterdam (Vincent van Gogh Foundation)}
}
@misc{177,
	author = {Vincent Van Gogh},
	title = {{The Sheepshearer (after Millet)}},
	year = {1889},
	url = {https://www.vangoghmuseum.nl/en/collection/s0042V1962},
	organization = {Van Gogh Museum, Amsterdam (Vincent van Gogh Foundation)}
}
@misc{178,
	author = {Vincent Van Gogh},
	title = {{Peasant Woman Bruising Flax (after Millet)}},
	year = {1889},
	url = {https://www.vangoghmuseum.nl/en/collection/s0043V1962},
	organization = {Van Gogh Museum, Amsterdam (Vincent van Gogh Foundation)}
}
@misc{179,
	author = {Vincent Van Gogh},
	title = {{Olive Grove}},
	year = {1889},
	url = {https://www.vangoghmuseum.nl/en/collection/s0044V1962},
	organization = {Van Gogh Museum, Amsterdam (Vincent van Gogh Foundation)}
}
@misc{180,
	author = {Vincent Van Gogh},
	title = {{Olive Grove}},
	year = {1889},
	url = {https://www.vangoghmuseum.nl/en/collection/s0045V1962},
	organization = {Van Gogh Museum, Amsterdam (Vincent van Gogh Foundation)}
}
@misc{181,
	author = {Vincent Van Gogh},
	title = {{The Garden of Saint Paul's Hospital ('Leaf-Fall')}},
	year = {1889},
	url = {https://www.vangoghmuseum.nl/en/collection/s0046V1962},
	organization = {Van Gogh Museum, Amsterdam (Vincent van Gogh Foundation)}
}
@misc{182,
	author = {Vincent Van Gogh},
	title = {{Undergrowth}},
	year = {1889},
	url = {https://www.vangoghmuseum.nl/en/collection/s0051V1962},
	organization = {Van Gogh Museum, Amsterdam (Vincent van Gogh Foundation)}
}
@misc{183,
	author = {Vincent Van Gogh},
	title = {{Portrait of a Man}},
	year = {1889},
	url = {https://www.vangoghmuseum.nl/en/collection/s0081V1962},
	organization = {Van Gogh Museum, Amsterdam (Vincent van Gogh Foundation)}
}
@misc{184,
	author = {Vincent Van Gogh},
	title = {{Landscape with Rabbits}},
	year = {1889},
	url = {https://www.vangoghmuseum.nl/en/collection/s0099V1962},
	organization = {Van Gogh Museum, Amsterdam (Vincent van Gogh Foundation)}
}
@misc{185,
	author = {Vincent Van Gogh},
	title = {{Undergrowth}},
	year = {1889},
	url = {https://www.vangoghmuseum.nl/en/collection/s0111V1962},
	organization = {Van Gogh Museum, Amsterdam (Vincent van Gogh Foundation)}
}
@misc{186,
	author = {Vincent Van Gogh},
	title = {{Portrait of a One-Eyed Man}},
	year = {1889},
	url = {https://www.vangoghmuseum.nl/en/collection/s0113V1962},
	organization = {Van Gogh Museum, Amsterdam (Vincent van Gogh Foundation)}
}
@misc{187,
	author = {Vincent Van Gogh},
	title = {{Ravine with a Small Stream}},
	year = {1889},
	url = {https://www.vangoghmuseum.nl/en/collection/s0118V1962},
	organization = {Van Gogh Museum, Amsterdam (Vincent van Gogh Foundation)}
}
@misc{188,
	author = {Vincent Van Gogh},
	title = {{A Pair of Leather Clogs}},
	year = {1889},
	url = {https://www.vangoghmuseum.nl/en/collection/s0120V1962},
	organization = {Van Gogh Museum, Amsterdam (Vincent van Gogh Foundation)}
}
@misc{189,
	author = {Vincent Van Gogh},
	title = {{Olive Trees on a Hillside}},
	year = {1889},
	url = {https://www.vangoghmuseum.nl/en/collection/s0148V1962},
	organization = {Van Gogh Museum, Amsterdam (Vincent van Gogh Foundation)}
}
@misc{190,
	author = {Vincent Van Gogh},
	title = {{Pietà (after Delacroix)}},
	year = {1889},
	url = {https://www.vangoghmuseum.nl/en/collection/s0168V1962},
	organization = {Van Gogh Museum, Amsterdam (Vincent van Gogh Foundation)}
}
@misc{191,
	author = {Vincent Van Gogh},
	title = {{The Woodcutter (after Millet)}},
	year = {1889},
	url = {https://www.vangoghmuseum.nl/en/collection/s0170V1962},
	organization = {Van Gogh Museum, Amsterdam (Vincent van Gogh Foundation)}
}
@misc{192,
	author = {Vincent Van Gogh},
	title = {{Thresher (after Millet)}},
	year = {1889},
	url = {https://www.vangoghmuseum.nl/en/collection/s0171V1962},
	organization = {Van Gogh Museum, Amsterdam (Vincent van Gogh Foundation)}
}
@misc{193,
	author = {Vincent Van Gogh},
	title = {{Peasant Woman Binding Sheaves (after Millet)}},
	year = {1889},
	url = {https://www.vangoghmuseum.nl/en/collection/s0172V1962},
	organization = {Van Gogh Museum, Amsterdam (Vincent van Gogh Foundation)}
}
@misc{194,
	author = {Vincent Van Gogh},
	title = {{The Sheaf-Binder (after Millet)}},
	year = {1889},
	url = {https://www.vangoghmuseum.nl/en/collection/s0173V1962},
	organization = {Van Gogh Museum, Amsterdam (Vincent van Gogh Foundation)}
}
@misc{195,
	author = {Vincent Van Gogh},
	title = {{Evening (after Millet)}},
	year = {1889},
	url = {https://www.vangoghmuseum.nl/en/collection/s0174V1962},
	organization = {Van Gogh Museum, Amsterdam (Vincent van Gogh Foundation)}
}
@misc{196,
	author = {Vincent Van Gogh},
	title = {{Roses}},
	year = {1889},
	url = {https://www.vangoghmuseum.nl/en/collection/s0187V1962},
	organization = {Van Gogh Museum, Amsterdam (Vincent van Gogh Foundation)}
}
@misc{197,
	author = {Vincent Van Gogh},
	title = {{Butterflies and Poppies}},
	year = {1889},
	url = {https://www.vangoghmuseum.nl/en/collection/s0188V1962},
	organization = {Van Gogh Museum, Amsterdam (Vincent van Gogh Foundation)}
}
@misc{198,
	author = {Vincent Van Gogh},
	title = {{Giant Peacock Moth}},
	year = {1889},
	url = {https://www.vangoghmuseum.nl/en/collection/s0189V1962},
	organization = {Van Gogh Museum, Amsterdam (Vincent van Gogh Foundation)}
}
@misc{199,
	author = {Vincent Van Gogh},
	title = {{Wild Roses}},
	year = {1889},
	url = {https://www.vangoghmuseum.nl/en/collection/s0190V1962},
	organization = {Van Gogh Museum, Amsterdam (Vincent van Gogh Foundation)}
}
@misc{200,
	author = {Vincent Van Gogh},
	title = {{Garden of the Asylum}},
	year = {1889},
	url = {https://www.vangoghmuseum.nl/en/collection/s0196V1962},
	organization = {Van Gogh Museum, Amsterdam (Vincent van Gogh Foundation)}
}
@misc{201,
	author = {Vincent Van Gogh},
	title = {{The Reaper (after Millet)}},
	year = {1889},
	url = {https://www.vangoghmuseum.nl/en/collection/s0198V1962},
	organization = {Van Gogh Museum, Amsterdam (Vincent van Gogh Foundation)}
}
@misc{202,
	author = {Vincent Van Gogh},
	title = {{Irises}},
	year = {1890},
	url = {https://www.vangoghmuseum.nl/en/collection/s0050V1962},
	organization = {Van Gogh Museum, Amsterdam (Vincent van Gogh Foundation)}
}
@misc{203,
	author = {Vincent Van Gogh},
	title = {{Wheatfield under Thunderclouds}},
	year = {1890},
	url = {https://www.vangoghmuseum.nl/en/collection/s0106V1962},
	organization = {Van Gogh Museum, Amsterdam (Vincent van Gogh Foundation)}
}
@misc{204,
	author = {Vincent Van Gogh},
	title = {{Wheatfield with Crows}},
	year = {1890},
	url = {https://www.vangoghmuseum.nl/en/collection/s0149V1962},
	organization = {Van Gogh Museum, Amsterdam (Vincent van Gogh Foundation)}
}
@misc{205,
	author = {Vincent Van Gogh},
	title = {{Almond Blossom}},
	year = {1890},
	url = {https://www.vangoghmuseum.nl/en/collection/s0176V1962},
	organization = {Van Gogh Museum, Amsterdam (Vincent van Gogh Foundation)}
}
@misc{206,
	author = {Vincent Van Gogh},
	title = {{Tree Roots}},
	year = {1890},
	url = {https://www.vangoghmuseum.nl/en/collection/s0195V1962},
	organization = {Van Gogh Museum, Amsterdam (Vincent van Gogh Foundation)}
}
@misc{207,
	author = {Vincent Van Gogh},
	title = {{Ears of Wheat}},
	year = {1890},
	url = {https://www.vangoghmuseum.nl/en/collection/s0088V1962},
	organization = {Van Gogh Museum, Amsterdam (Vincent van Gogh Foundation)}
}
@misc{208,
	author = {Vincent Van Gogh},
	title = {{Daubigny's Garden}},
	year = {1890},
	url = {https://www.vangoghmuseum.nl/en/collection/s0104V1962},
	organization = {Van Gogh Museum, Amsterdam (Vincent van Gogh Foundation)}
}
@misc{209,
	author = {Vincent Van Gogh},
	title = {{View of Auvers}},
	year = {1890},
	url = {https://www.vangoghmuseum.nl/en/collection/s0105V1962},
	organization = {Van Gogh Museum, Amsterdam (Vincent van Gogh Foundation)}
}
@misc{210,
	author = {Vincent Van Gogh},
	title = {{Landscape at Twilight}},
	year = {1890},
	url = {https://www.vangoghmuseum.nl/en/collection/s0107V1962},
	organization = {Van Gogh Museum, Amsterdam (Vincent van Gogh Foundation)}
}
@misc{211,
	author = {Vincent Van Gogh},
	title = {{Farmhouse}},
	year = {1890},
	url = {https://www.vangoghmuseum.nl/en/collection/s0108V1962},
	organization = {Van Gogh Museum, Amsterdam (Vincent van Gogh Foundation)}
}
@misc{212,
	author = {Vincent Van Gogh},
	title = {{Vase of Flowers}},
	year = {1890},
	url = {https://www.vangoghmuseum.nl/en/collection/s0109V1962},
	organization = {Van Gogh Museum, Amsterdam (Vincent van Gogh Foundation)}
}
@misc{213,
	author = {Vincent Van Gogh},
	title = {{Garden with Butterflies}},
	year = {1890},
	url = {https://www.vangoghmuseum.nl/en/collection/s0110V1962},
	organization = {Van Gogh Museum, Amsterdam (Vincent van Gogh Foundation)}
}
@misc{214,
	author = {Vincent Van Gogh},
	title = {{Reminiscence of Brabant}},
	year = {1890},
	url = {https://www.vangoghmuseum.nl/en/collection/s0112V1962},
	organization = {Van Gogh Museum, Amsterdam (Vincent van Gogh Foundation)}
}
@misc{215,
	author = {Vincent Van Gogh},
	title = {{Cypresses and Two Women}},
	year = {1890},
	url = {https://www.vangoghmuseum.nl/en/collection/s0147V1962},
	organization = {Van Gogh Museum, Amsterdam (Vincent van Gogh Foundation)}
}
@misc{216,
	author = {Vincent Van Gogh},
	title = {{The Raising of Lazarus (after Rembrandt)}},
	year = {1890},
	url = {https://www.vangoghmuseum.nl/en/collection/s0169V1962},
	organization = {Van Gogh Museum, Amsterdam (Vincent van Gogh Foundation)}
}
@misc{217,
	author = {Vincent Van Gogh},
	title = {{Snow-Covered Field with a Harrow (after Millet)}},
	year = {1890},
	url = {https://www.vangoghmuseum.nl/en/collection/s0175V1962},
	organization = {Van Gogh Museum, Amsterdam (Vincent van Gogh Foundation)}
}
@misc{218,
	author = {Vincent Van Gogh},
	title = {{View of the Alpilles}},
	year = {1890},
	url = {https://www.vangoghmuseum.nl/en/collection/s0417N1990},
	organization = {Van Gogh Museum, Amsterdam (Vincent van Gogh Foundation)}
}
@misc{pal2019torchgan,
	title={{TorchGAN: A Flexible Framework for GAN Training and Evaluation}},
	author={Avik Pal, and Aniket Das},
	year={2019},
	eprint={1909.03410},
	archivePrefix={arXiv},
	primaryClass={cs.LG}
}
@inproceedings{CycleGAN2017,
	title={Unpaired Image-to-Image Translation using Cycle-Consistent Adversarial Networks},
	author={Zhu, Jun-Yan and Park, Taesung and Isola, Phillip and Efros, Alexei A},
	booktitle={Computer Vision (ICCV), 2017 IEEE International Conference on},
	year={2017}
}
@inproceedings{isola2017image,
	title={Image-to-Image Translation with Conditional Adversarial Networks},
	author={Isola, Phillip and Zhu, Jun-Yan and Zhou, Tinghui and Efros, Alexei A},
	booktitle={Computer Vision and Pattern Recognition (CVPR), 2017 IEEE Conference on},
	year={2017}
}
@online{wikiartVanGogh,
	title = {Vincent Van Gogh},
	date = {2022},
	url = {https://www.wikiart.org/en/vincent-van-gogh},
}
@online{otherGanGogh,
	author = {Kenny Jones},
	title = {{GANG}ogh: Creating Art with {GAN}s},
	date = {2017},
	url = {https://towardsdatascience.com/gangogh-creating-art-with-gans-8d087d8f74a1},
}
@article{lecun2010mnist,
	title={{MNIST} handwritten digit database},
	author={LeCun, Yann and Cortes, Corinna and Burges, CJ},
	journal={ATT Labs [Online]. Available: http://yann.lecun.com/exdb/mnist},
	volume={2},
	year={2010}
}
@inproceedings{Paszke_PyTorch_An_Imperative_2019,
	author = {Paszke, Adam and Gross, Sam and Massa, Francisco and Lerer, Adam and Bradbury, James and Chanan, Gregory and Killeen, Trevor and Lin, Zeming and Gimelshein, Natalia and Antiga, Luca and Desmaison, Alban and Kopf, Andreas and Yang, Edward and DeVito, Zachary and Raison, Martin and Tejani, Alykhan and Chilamkurthy, Sasank and Steiner, Benoit and Fang, Lu and Bai, Junjie and Chintala, Soumith},
	booktitle = {Advances in Neural Information Processing Systems 32},
	pages = {8024--8035},
	publisher = {Curran Associates, Inc.},
	title = {{PyTorch: An Imperative Style, High-Performance Deep Learning Library}},
	url = {http://papers.neurips.cc/paper/9015-pytorch-an-imperative-style-high-performance-deep-learning-library.pdf},
	year = {2019}
}
